@book{krizhevsky2012imagenet,
    title={Imagenet classification with deep convolutional neural networks},
    author={Krizhevsky, Alex and Sutskever, Ilya and Hinton, Geoffrey E},
    booktitle={Advances in neural information processing systems},
    pages={1097--1105},
    year={2012}
}
@inproceedings{goldberg2002stereo,
    title={Stereo vision and rover navigation software for planetary exploration},
    author={Goldberg, Steven B and Maimone, Mark W and Matthies, Larry},
    booktitle={Aerospace Conference Proceedings, 2002. IEEE},
    volume={5},
    pages={5--5},
    year={2002},
    organization={IEEE}
}
@inproceedings{broggi2001self,
    title={Self-calibration of a stereo vision system for automotive applications},
    author={Broggi, Alberto and Bertozzi, Massimo and Fascioli, Alessandra},
    booktitle={Robotics and Automation, 2001. Proceedings 2001 ICRA. IEEE International Conference on},
    volume={4},
    pages={3698--3703},
    year={2001},
    organization={IEEE}
}
@article{kendall2015bayesian,
    title={Bayesian SegNet: Model Uncertainty in Deep Convolutional Encoder-Decoder Architectures for Scene Understanding},
    author={Kendall, Alex and Badrinarayanan, Vijay and Cipolla, Roberto},
    journal={arXiv preprint arXiv:1511.02680},
    year={2015}
}
@article{badrinarayanan2015segnet,
    title={SegNet: A Deep Convolutional Encoder-Decoder Architecture for Image Segmentation},
    author={Badrinarayanan, Vijay and Kendall, Alex, and Cipolla, Roberto},
    journal={IEEE Transactions on Pattern Analysis and Machine Intelligence},
    year={2017},
    publisher={IEEE}
}
@article{DBLP:journals/corr/ZbontarL15,
    author    = {Jure Zbontar and
                 Yann LeCun},
    title     = {Stereo Matching by Training a Convolutional Neural Network to Compare
                 Image Patches},
    journal   = {CoRR},
    volume    = {abs/1510.05970},
    year      = {2015},
    url       = {http://arxiv.org/abs/1510.05970},
    timestamp = {Wed, 07 Jun 2017 14:40:22 +0200},
    biburl    = {http://dblp.uni-trier.de/rec/bib/journals/corr/ZbontarL15},
    bibsource = {dblp computer science bibliography, http://dblp.org}
}

@inproceedings{tesitosi,
    author = {Fabio Tosi},
    title  = {Misure di confidenza e algoritmi per il refinement di mappe depth}
    year   = {2017}
}

@misc{Luigi,
  author = {Spotify},
  title = {Luigi, a tool to build complex pipelines of batch jobs.},
  year = {2017},
  publisher = {GitHub},
  journal = {GitHub repository},
  howpublished = {\url{https://github.com/spotify/luigi}},
}

@inproceedings{zabih1994non,
  title={Non-parametric local transforms for computing visual correspondence},
  author={Zabih, Ramin and Woodfill, John},
  booktitle={European conference on computer vision},
  pages={151--158},
  year={1994},
  organization={Springer}
}

@article{hirschmuller2008stereo,
  title={Stereo processing by semiglobal matching and mutual information},
  author={Hirschmuller, Heiko},
  journal={IEEE Transactions on pattern analysis and machine intelligence},
  volume={30},
  number={2},
  pages={328--341},
  year={2008},
  publisher={IEEE}
}

@inproceedings{BMVC2016_46,
    title={Learning from scratch a confidence measure},
    author={Matteo Poggi and Stefano Mattoccia},
    year={2016},
    month={September},
    pages={46.1-46.13},
    articleno={46},
    numpages={13},
    booktitle={Proceedings of the British Machine Vision Conference (BMVC)},
    publisher={BMVA Press},
    editor={Richard C. Wilson, Edwin R. Hancock and William A. P. Smith},
    doi={10.5244/C.30.46},
    isbn={1-901725-59-6},
    url={https://dx.doi.org/10.5244/C.30.46}
}

@INPROCEEDINGS{Geiger2012CVPR,
  author = {Andreas Geiger and Philip Lenz and Raquel Urtasun},
  title = {Are we ready for Autonomous Driving? The KITTI Vision Benchmark Suite},
  booktitle = {Conference on Computer Vision and Pattern	Recognition (CVPR)},
  year = {2012}
} 

@inproceedings{kanbara2000stereo,
    title={A stereo vision-based augmented reality system with an inertial sensor},
    author={Kanbara, Masayuki and Fujii, Hirofumi and Takemura, Haruo and Yokoya, Naokazu},
    booktitle={Augmented Reality, 2000.(ISAR 2000). Proceedings. IEEE and ACM International Symposium on},
    pages={97--100},
    year={2000},
    organization={IEEE}
}

@misc{tensorflow2015-whitepaper,
title={ {TensorFlow}: Large-Scale Machine Learning on Heterogeneous Systems},
url={https://www.tensorflow.org/},
note={Software available from tensorflow.org},
author={
    Mart\'{\i}n~Abadi and
    Ashish~Agarwal and
    Paul~Barham and
    Eugene~Brevdo and
    Zhifeng~Chen and
    Craig~Citro and
    Greg~S.~Corrado and
    Andy~Davis and
    Jeffrey~Dean and
    Matthieu~Devin and
    Sanjay~Ghemawat and
    Ian~Goodfellow and
    Andrew~Harp and
    Geoffrey~Irving and
    Michael~Isard and
    Yangqing Jia and
    Rafal~Jozefowicz and
    Lukasz~Kaiser and
    Manjunath~Kudlur and
    Josh~Levenberg and
    Dan~Man\'{e} and
    Rajat~Monga and
    Sherry~Moore and
    Derek~Murray and
    Chris~Olah and
    Mike~Schuster and
    Jonathon~Shlens and
    Benoit~Steiner and
    Ilya~Sutskever and
    Kunal~Talwar and
    Paul~Tucker and
    Vincent~Vanhoucke and
    Vijay~Vasudevan and
    Fernanda~Vi\'{e}gas and
    Oriol~Vinyals and
    Pete~Warden and
    Martin~Wattenberg and
    Martin~Wicke and
    Yuan~Yu and
    Xiaoqiang~Zheng},
  year={2015},
}

@article{badrinarayanan2015segnet2,
  title={SegNet: A Deep Convolutional Encoder-Decoder Architecture for Robust Semantic Pixel-Wise Labelling},
  author={Badrinarayanan, Vijay and Handa, Ankur, and Cipolla, Roberto},
  journal={arXiv preprint arXiv:1505.07293},
  year={2015}
}

@article{DBLP:journals/corr/ShelhamerLD16,
  author    = {Evan Shelhamer and
               Jonathan Long and
               Trevor Darrell},
  title     = {Fully Convolutional Networks for Semantic Segmentation},
  journal   = {CoRR},
  volume    = {abs/1605.06211},
  year      = {2016},
  url       = {http://arxiv.org/abs/1605.06211},
  timestamp = {Wed, 07 Jun 2017 14:41:18 +0200},
  biburl    = {http://dblp.uni-trier.de/rec/bib/journals/corr/ShelhamerLD16},
  bibsource = {dblp computer science bibliography, http://dblp.org}
}

@article{DBLP:journals/corr/IoffeS15,
  author    = {Sergey Ioffe and
               Christian Szegedy},
  title     = {Batch Normalization: Accelerating Deep Network Training by Reducing
               Internal Covariate Shift},
  journal   = {CoRR},
  volume    = {abs/1502.03167},
  year      = {2015},
  url       = {http://arxiv.org/abs/1502.03167},
  timestamp = {Wed, 07 Jun 2017 14:40:49 +0200},
  biburl    = {http://dblp.uni-trier.de/rec/bib/journals/corr/IoffeS15},
  bibsource = {dblp computer science bibliography, http://dblp.org}
}

@article{DBLP:journals/corr/NohHH15,
  author    = {Hyeonwoo Noh and
               Seunghoon Hong and
               Bohyung Han},
  title     = {Learning Deconvolution Network for Semantic Segmentation},
  journal   = {CoRR},
  volume    = {abs/1505.04366},
  year      = {2015},
  url       = {http://arxiv.org/abs/1505.04366},
  timestamp = {Wed, 07 Jun 2017 14:42:13 +0200},
  biburl    = {http://dblp.uni-trier.de/rec/bib/journals/corr/NohHH15},
  bibsource = {dblp computer science bibliography, http://dblp.org}
}
